<record><leader>00000cas a22000007a 4500</leader><controlfield tag="001">15913388</controlfield><controlfield tag="008">870611d18701872lauwr ne      0    0eng d</controlfield><datafield ind1=" " ind2=" " tag="010"><subfield code="a">sn 87090568 </subfield></datafield><datafield ind1=" " ind2=" " tag="040"><subfield code="a">PPM</subfield><subfield code="b">eng</subfield><subfield code="c">PPM</subfield><subfield code="d">LNP</subfield><subfield code="d">OCLCQ</subfield></datafield><datafield ind1=" " ind2=" " tag="042"><subfield code="a">msc</subfield></datafield><datafield ind1="0" ind2=" " tag="130"><subfield code="a">Weekly south-western (Shreveport, La. : 1870)</subfield></datafield><datafield ind1="1" ind2="4" tag="245"><subfield code="a">The Weekly south-western.</subfield></datafield><datafield ind1="1" ind2="7" tag="246"><subfield code="a">South-western</subfield></datafield><datafield ind1=" " ind2=" " tag="260"><subfield code="a">Shreveport, La. :</subfield><subfield code="b">L. Dillard &amp; Co.</subfield></datafield><datafield ind1=" " ind2=" " tag="310"><subfield code="a">Weekly</subfield></datafield><datafield ind1="0" ind2=" " tag="362"><subfield code="a">Vol. 19, no. 21 (Dec. 7, 1870)-</subfield></datafield><datafield ind1="1" ind2=" " tag="362"><subfield code="a">Ceased in 1872?</subfield></datafield><datafield ind1=" " ind2=" " tag="752"><subfield code="a">United States</subfield><subfield code="b">Louisiana</subfield><subfield code="c">Caddo</subfield><subfield code="d">Shreveport.</subfield></datafield><datafield ind1="0" ind2=" " tag="775"><subfield code="t">Daily south-western (Shreveport, La. : 1868)</subfield><subfield code="w">(DLC)sn 86090506</subfield></datafield><datafield ind1="0" ind2="0" tag="780"><subfield code="t">South-western (Shreveport, La. : 1852)</subfield><subfield code="w">(DLC)sn 83016483</subfield></datafield><datafield ind1="0" ind2="0" tag="785"><subfield code="t">Weekly south-western telegram (Shreveport, La.)</subfield><subfield code="w">(DLC)sn 86079086</subfield></datafield></record>